@InProceedings{balazs2018iiidyt,
  author       = {Balazs, Jorge A. and 
                  Marrese-Taylor, Edison and
                  Matsuo, Yutaka},
  title        = {{IIIDYT at IEST 2018: Implicit Emotion Classification
                  with Deep Contextualized Word Representations}},
  booktitle    = {Proceedings of the 9th Workshop on Computational
                 Approaches to Subjectivity, Sentiment and Social
                 Media Analysis},
  year         = {2018},
  address      = {Brussels, Belgium},
  month        = {November},
  organization = {Association for Computational Linguistics}
}
