@inproceedings{luong2013better,
  title     = {Better word representations with recursive neural networks for
               morphology},
  author    = {Luong, Thang  and  Socher, Richard  and  Manning, Christopher D.},
  title     = {Better Word Representations with Recursive Neural Networks for Morphology},
  booktitle = {Proceedings of the Seventeenth Conference on Computational Natural Language Learning},
  month     = {August},
  year      = {2013},
  address   = {Sofia, Bulgaria},
  publisher = {Association for Computational Linguistics},
  pages     = {104--113},
  url       = {http://www.aclweb.org/anthology/W13-3512}
}

@InProceedings{luong2016achieving,
  author    = {Luong, Minh-Thang  and  Manning, Christopher D.},
  title     = {Achieving Open Vocabulary Neural Machine Translation with Hybrid Word-Character Models},
  booktitle = {Proceedings of the 54th Annual Meeting of the Association for Computational Linguistics (Volume 1: Long Papers)},
  month     = {August},
  year      = {2016},
  address   = {Berlin, Germany},
  publisher = {Association for Computational Linguistics},
  pages     = {1054--1063},
  url       = {http://www.aclweb.org/anthology/P16-1100}
}

@inproceedings{botha2014compositional,
  title     = {Compositional Morphology for Word Representations and Language Modelling},
  author    = {Jan Botha and Phil Blunsom},
  booktitle = {Proceedings of the 31st International Conference on Machine Learning},
  pages     = {1899--1907},
  year      = {2014},
  editor    = {Eric P. Xing and Tony Jebara},
  volume    = {32},
  number    = {2},
  series    = {Proceedings of Machine Learning Research},
  address   = {Bejing, China},
  month     = {22--24 Jun},
  publisher = {PMLR},
  pdf       = {http://proceedings.mlr.press/v32/botha14.pdf},
  url       = {http://proceedings.mlr.press/v32/botha14.html},
}

@article{bojanowski2017enriching,
    author = {Bojanowski, Piotr  and Grave, Edouard  and Joulin, Armand  and Mikolov, Tomas },
    title = {Enriching Word Vectors with Subword Information},
    journal = {Transactions of the Association for Computational Linguistics},
    volume = {5},
    year = {2017},
    keywords = {},
    issn = {2307-387X},
    url = {https://transacl.org/ojs/index.php/tacl/article/view/999},
    pages = {135--146}
}

@article{avraham2017interplay,
  title={The Interplay of Semantics and Morphology in Word Embeddings},
  author={Avraham, Oded and Goldberg, Yoav},
  journal={arXiv preprint arXiv:1704.01938},
  year={2017},
  url={https://arxiv.org/abs/1704.01938}
}

@article{nangia2017repeval,
title={The repeval 2017 shared task: Multi-genre natural language inference with sentence representations},
author={Nangia, Nikita and Williams, Adina and Lazaridou, Angeliki and Bowman,
        Samuel R.},
journal={arXiv preprint arXiv:1707.08172},
year={2017},
url={https://arxiv.org/abs/1707.08172}
}


@inproceedings{pennington2014glove,
author = {Jeffrey Pennington and Richard Socher and Christopher D. Manning},
booktitle = {Empirical Methods in Natural Language Processing (EMNLP)},
title = {GloVe: Global Vectors for Word Representation},
year = {2014},
pages = {1532--1543},
url = {http://www.aclweb.org/anthology/D14-1162},
}


@InProceedings{vulic2017morph,
  author    = {Vuli\'{c}, Ivan  and  Mrk\v{s}i\'{c}, Nikola  and  Reichart, Roi  and  \'{O} S\'{e}aghdha, Diarmuid  and  Young, Steve  and  Korhonen, Anna},
  title     = {Morph-fitting: Fine-Tuning Word Vector Spaces with Simple Language-Specific Rules},
  booktitle = {Proceedings of the 55th Annual Meeting of the Association for Computational Linguistics (Volume 1: Long Papers)},
  month     = {July},
  year      = {2017},
  address   = {Vancouver, Canada},
  publisher = {Association for Computational Linguistics},
  pages     = {56--68},
  }


@article{wu2016google,
  author    = {Yonghui Wu and
               Mike Schuster and
               Zhifeng Chen and
               Quoc V. Le and
               Mohammad Norouzi and
               Wolfgang Macherey and
               Maxim Krikun and
               Yuan Cao and
               Qin Gao and
               Klaus Macherey and
               Jeff Klingner and
               Apurva Shah and
               Melvin Johnson and
               Xiaobing Liu and
               Lukasz Kaiser and
               Stephan Gouws and
               Yoshikiyo Kato and
               Taku Kudo and
               Hideto Kazawa and
               Keith Stevens and
               George Kurian and
               Nishant Patil and
               Wei Wang and
               Cliff Young and
               Jason Smith and
               Jason Riesa and
               Alex Rudnick and
               Oriol Vinyals and
               Greg Corrado and
               Macduff Hughes and
               Jeffrey Dean},
  title     = {Google's Neural Machine Translation System: Bridging the Gap between
               Human and Machine Translation},
  journal   = {arXiv preprint arXiv:1609.08144},
  year      = {2016},
  url       = {http://arxiv.org/abs/1609.08144},
  archivePrefix = {arXiv},
  eprint    = {1609.08144},
  timestamp = {Thu, 01 Mar 2018 22:53:14 +0100},
  biburl    = {https://dblp.org/rec/bib/journals/corr/WuSCLNMKCGMKSJL16},
  bibsource = {dblp computer science bibliography, https://dblp.org}
}

@inproceedings{schuster2012japanese,
  title={Japanese and korean voice search},
  author={Schuster, Mike and Nakajima, Kaisuke},
  booktitle={Acoustics, Speech and Signal Processing (ICASSP), 2012 IEEE International Conference on},
  pages={5149--5152},
  year={2012},
  organization={IEEE}
}

@InProceedings{sennrich2016neural,
  author    = {Sennrich, Rico  and  Haddow, Barry  and  Birch, Alexandra},
  title     = {Neural Machine Translation of Rare Words with Subword Units},
  booktitle = {Proceedings of the 54th Annual Meeting of the Association for Computational Linguistics (Volume 1: Long Papers)},
  month     = {August},
  year      = {2016},
  address   = {Berlin, Germany},
  publisher = {Association for Computational Linguistics},
  pages     = {1715--1725},
  url       = {http://www.aclweb.org/anthology/P16-1162}
}

@InProceedings{yang2017words,
  author    = {Yang, Zhilin and
               Dhingra, Bhuwan and
               Yuan, Ye and
               Hu, Junjie and
               Cohen, William W. and
               Salakhutdinov, Ruslan},
  title     = {{Words or Characters? Fine-grained Gating for Reading Comprehension}},
  booktitle = {Proceedings of the 5th International Conference on Learning
               Representations (ICLR)},
  month     = {April},
  year      = {2017},
  address   = {Toulon, France},
  publisher = {},
  pages     = {},
  url       = {https://openreview.net/pdf?id=B1hdzd5lg}
}

@InProceedings{miyamoto2016gated,
  author    = {Miyamoto, Yasumasa  and  Cho, Kyunghyun},
  title     = {{Gated Word-Character Recurrent Language Model}},
  booktitle = {Proceedings of the 2016 Conference on Empirical Methods in Natural Language Processing},
  month     = {November},
  year      = {2016},
  address   = {Austin, Texas},
  publisher = {Association for Computational Linguistics},
  pages     = {1992--1997},
  url       = {https://aclweb.org/anthology/D16-1209}
}

@inproceedings{lample2016neural,
author    = {Lample, Guillaume and Ballesteros, Miguel and Subramanian, Sandeep and Kawakami, Kazuya and Dyer, Chris},
title     = {{Neural Architectures for Named Entity Recognition}},
booktitle = {Proceedings of the 2016 Conference of the North American Chapter of the Association for Computational Linguistics: Human Language Technologies},
year      = {2016},
pages     = {260--270},
publisher = {Association for Computational Linguistics},
address   = {San Diego, California},
month     = {June}
}


@article{yang2016multitask,
author      = {Yang, Zhilin and Salakhutdinov, Ruslan and Cohen, William},
title       = {{Multi-Task Cross-Lingual Sequence Tagging from Scratch}},
journal     = {arXiv preprint arXiv:1603.06270v2},
year        = {2016},
eprint      = {1603.06270v2},
eprinttype  = {arxiv},
eprintclass = {cs.CL},
month       = {March},
url         = {https://arxiv.org/abs/1603.06270}
}

@InProceedings{conneau2017supervised,
  author    = {Conneau, Alexis  and  Kiela, Douwe  and  Schwenk, Holger  and  Barrault, Lo\"{i}c  and  Bordes, Antoine},
  title     = {{Supervised Learning of Universal Sentence Representations from Natural Language Inference Data}},
  booktitle = {Proceedings of the 2017 Conference on Empirical Methods in Natural Language Processing},
  month     = {September},
  year      = {2017},
  address   = {Copenhagen, Denmark},
  publisher = {Association for Computational Linguistics},
  pages     = {670--680},
  url       = {https://www.aclweb.org/anthology/D17-1070}
}


@InProceedings{bowman2015large,
  author    = {Bowman, Samuel R.  and  Angeli, Gabor  and  Potts, Christopher  and  Manning, Christopher D.},
  title     = {{A Large Annotated Corpus for Learning Natural Language Inference}},
  booktitle = {Proceedings of the 2015 Conference on Empirical Methods in Natural Language Processing},
  month     = {September},
  year      = {2015},
  address   = {Lisbon, Portugal},
  publisher = {Association for Computational Linguistics},
  pages     = {632--642},
  url       = {http://aclweb.org/anthology/D15-1075}
}

@article{williams2017broad,
  title={{A Broad-coverage Challenge Corpus for Sentence Understanding Through Inference}},
  author={Williams, Adina and Nangia, Nikita and Bowman, Samuel R},
  journal={arXiv preprint arXiv:1704.05426},
  year={2017}
}


@InProceedings{agirre2016semeval,
  author    = {Agirre, Eneko  and  Banea, Carmen  and  Cer, Daniel  and  Diab, Mona  and  Gonzalez-Agirre, Aitor  and  Mihalcea, Rada  and  Rigau, German  and  Wiebe, Janyce},
  title     = {SemEval-2016 Task 1: Semantic Textual Similarity, Monolingual and Cross-Lingual Evaluation},
  booktitle = {Proceedings of the 10th International Workshop on Semantic Evaluation (SemEval-2016)},
  month     = {June},
  year      = {2016},
  address   = {San Diego, California},
  publisher = {Association for Computational Linguistics},
  pages     = {497--511},
  url       = {http://www.aclweb.org/anthology/S16-1081}
}


@InProceedings{ling2015finding,
  author    = {Ling, Wang  and  Dyer, Chris  and  Black, Alan W  and  Trancoso, Isabel  and  Fermandez, Ramon  and  Amir, Silvio  and  Marujo, Luis  and  Luis, Tiago},
  title     = {{Finding Function in Form: Compositional Character Models for Open Vocabulary Word Representation}},
  booktitle = {Proceedings of the 2015 Conference on Empirical Methods in Natural Language Processing},
  month     = {September},
  year      = {2015},
  address   = {Lisbon, Portugal},
  publisher = {Association for Computational Linguistics},
  pages     = {1520--1530},
  url       = {http://aclweb.org/anthology/D15-1176}
}

@article{graves2005framewise,
  title={{Framewise Phoneme Classification with Bidirectional LSTM and Other Neural Network Architectures}},
  author={Graves, Alex and Schmidhuber, J{\"u}rgen},
  journal={Neural Networks},
  volume={18},
  number={5-6},
  pages={602--610},
  year={2005},
  publisher={Elsevier},
  url={https://www.sciencedirect.com/science/article/pii/S0893608005001206}
}

@InProceedings{graves2013speech,
  title={{Speech Recognition with Deep Recurrent Neural Networks}},
  author={Graves, Alex and Mohamed, Abdel-rahman and Hinton, Geoffrey},
  booktitle={Proceedings of the 2013 International Conference on Acoustics, Speech and Signal Processing (ICASSP)},
  pages={6645--6649},
  address={Vancouver, Canada},
  publisher={IEEE},
  month={May},
  year={2013},
  url={https://ieeexplore.ieee.org/document/6638947/}
}

@article{hochreiter1997lstm,
    author = {Sepp Hochreiter  and  J{\"u}rgen Schmidhuber},
    title = {Long Short-Term Memory},
    journal = {Neural Computation},
    volume = {9},
    number = {8},
    pages = {1735-1780},
    year = {1997},
    doi = {10.1162/neco.1997.9.8.1735},
    URL = {https://doi.org/10.1162/neco.1997.9.8.1735}
}

@article{gururangan2018annotation,
  author    = {Suchin Gururangan and
               Swabha Swayamdipta and
               Omer Levy and
               Roy Schwartz and
               Samuel R. Bowman and
               Noah A. Smith},
  title     = {{Annotation Artifacts in Natural Language Inference Data}},
  journal   = {CoRR},
  volume    = {abs/1803.02324},
  year      = {2018},
  url       = {http://arxiv.org/abs/1803.02324},
  archivePrefix = {arXiv},
  eprint    = {1803.02324},
  timestamp = {Tue, 10 Apr 2018 20:50:05 +0200},
  biburl    = {https://dblp.org/rec/bib/journals/corr/abs-1803-02324},
  bibsource = {dblp computer science bibliography, https://dblp.org}
}

@article{tsuchiya2018performance,
  title={{Performance Impact Caused by Hidden Bias of Training Data for Recognizing Textual Entailment}},
  author={Tsuchiya, Masatoshi},
  journal={arXiv preprint arXiv:1804.08117},
  year={2018}
}

@article{poliak2018hypothesis,
  title={Hypothesis Only Baselines in Natural Language Inference},
  author={Poliak, Adam and Naradowsky, Jason and Haldar, Aparajita and Rudinger, Rachel and Van Durme, Benjamin},
  journal={arXiv preprint arXiv:1805.01042},
  year={2018}
}

@article{glockner2018breaking,
  title={Breaking NLI Systems with Sentences that Require Simple Lexical Inferences},
  author={Glockner, Max and Shwartz, Vered and Goldberg, Yoav},
  journal={arXiv preprint arXiv:1805.02266},
  year={2018}
}

@InProceedings{klinger2018iest,
  author    =     {Roman Klinger and Orph\'ee de Clercq and Saif M. Mohammad and Alexandra Balahur},
  title     =     {IEST: WASSA-2018 Implicit Emotions Shared Task},
  booktitle =     {Proceedings of the 9th Workshop on Computational Approaches to Subjectivity, Sentiment and Social Media Analysis},
  year      =     {2018},
  address   =     {Brussels, Belgium},
  month     =     {November},
  organization = {Association for Computational Linguistics}
}

@InProceedings{peters2018deep,
  author    = {Peters, Matthew  and  Neumann, Mark  and  Iyyer, Mohit  and  Gardner, Matt  and  Clark, Christopher  and  Lee, Kenton  and  Zettlemoyer, Luke},
  title     = {Deep Contextualized Word Representations},
  booktitle = {Proceedings of the 2018 Conference of the North American Chapter of the Association for Computational Linguistics: Human Language Technologies, Volume 1 (Long Papers)},
  month     = {June},
  year      = {2018},
  address   = {New Orleans, Louisiana},
  publisher = {Association for Computational Linguistics},
  pages     = {2227--2237},
  url       = {http://www.aclweb.org/anthology/N18-1202}
}


@InProceedings{baziotis2018ntua,
  author    = {Baziotis, Christos  and  Nikolaos, Athanasiou  and  Chronopoulou, Alexandra  and  Kolovou, Athanasia  and  Paraskevopoulos, Georgios  and  Ellinas, Nikolaos  and  Narayanan, Shrikanth  and  Potamianos, Alexandros},
  title     = {NTUA-SLP at SemEval-2018 Task 1: Predicting Affective Content in Tweets with Deep Attentive RNNs and Transfer Learning},
  booktitle = {Proceedings of The 12th International Workshop on Semantic Evaluation},
  month     = {June},
  year      = {2018},
  address   = {New Orleans, Louisiana},
  publisher = {Association for Computational Linguistics},
  pages     = {245--255},
  url       = {http://www.aclweb.org/anthology/S18-1037}
}


@InProceedings{duppada2018seernet,
  author    = {Duppada, Venkatesh  and  Jain, Royal  and  Hiray, Sushant},
  title     = {SeerNet at SemEval-2018 Task 1: Domain Adaptation for Affect in Tweets},
  booktitle = {Proceedings of The 12th International Workshop on Semantic Evaluation},
  month     = {June},
  year      = {2018},
  address   = {New Orleans, Louisiana},
  publisher = {Association for Computational Linguistics},
  pages     = {18--23},
  url       = {http://www.aclweb.org/anthology/S18-1002}
}


@InProceedings{abdou2018affecthor,
  author    = {Abdou, Mostafa  and  Kulmizev, Artur  and  Ginés i Ametllé, Joan},
  title     = {AffecThor at SemEval-2018 Task 1: A cross-linguistic approach to sentiment intensity quantification in tweets},
  booktitle = {Proceedings of The 12th International Workshop on Semantic Evaluation},
  month     = {June},
  year      = {2018},
  address   = {New Orleans, Louisiana},
  publisher = {Association for Computational Linguistics},
  pages     = {210--217},
  url       = {http://www.aclweb.org/anthology/S18-1032}
}

@ARTICLE{howard2018universal,
   author = {{Howard}, J. and {Ruder}, S.},
    title = "{Universal Language Model Fine-tuning for Text Classification}",
  journal = {ArXiv e-prints},
archivePrefix = "arXiv",
   eprint = {1801.06146},
 primaryClass = "cs.CL",
 keywords = {Computer Science - Computation and Language, Computer Science - Learning, Statistics - Machine Learning},
     year = {2018},
    month = {January},
}

@article{srivastava2014dropout,
  author  = {Nitish Srivastava and Geoffrey Hinton and Alex Krizhevsky and Ilya Sutskever and Ruslan Salakhutdinov},
  title   = {Dropout: A Simple Way to Prevent Neural Networks from Overfitting},
  journal = {Journal of Machine Learning Research},
  year    = {2014},
  volume  = {15},
  pages   = {1929-1958},
  url     = {http://jmlr.org/papers/v15/srivastava14a.html}
}


@inproceedings{bonab2016theoretical,
 author = {Bonab, Hamed R. and Can, Fazli},
 title = {A Theoretical Framework on the Ideal Number of Classifiers for Online Ensembles in Data Streams},
 booktitle = {Proceedings of the 25th ACM International on Conference on Information and Knowledge Management},
 series = {CIKM '16},
 year = {2016},
 isbn = {978-1-4503-4073-1},
 location = {Indianapolis, Indiana, USA},
 pages = {2053--2056},
 numpages = {4},
 url = {http://doi.acm.org/10.1145/2983323.2983907},
 doi = {10.1145/2983323.2983907},
 acmid = {2983907},
 publisher = {ACM},
 address = {New York, NY, USA},
 keywords = {big data stream, ensemble size, weighted majority voting},
} 
